[
  {
    "id": "206c4319-08ae-4d77-8458-d9e6c5e91f14",
    "first_name": "Zachary",
    "last_name": "Watson",
    "email": "zachary.watson@oraclecorp.com",
    "phone": "(555) 225-9379",
    "company": "Oracle Corporation",
    "title": "Product Director",
    "address": "44 South St",
    "city": "Nashville",
    "state": "TN",
    "zip_code": "37267",
    "industry": "Retail",
    "revenue": 329383340966,
    "employees": 82393,
    "created_date": "2023-01-28T19:36:52.054225",
    "source_system": "CRM",
    "data_quality_score": 67,
    "variation_type": "duplicate",
    "last_updated": "2025-09-18T19:36:52.055210"
  },
  {
    "id": "8fe6c939-347b-4dbe-9487-d06b7765fb7f",
    "first_name": "Jonathan",
    "last_name": "Carter",
    "email": "jonathan.carter@squareinc.com",
    "phone": "(555) 176-8805",
    "company": "Square Inc",
    "title": "Senior Engineer",
    "address": "3734 Hill St",
    "city": "Irving",
    "state": "TX",
    "zip_code": "75020",
    "industry": "Healthcare",
    "revenue": 3674061638,
    "employees": 5930,
    "created_date": "2020-11-09T19:36:52.053780",
    "source_system": "Support",
    "data_quality_score": 80,
    "variation_type": "original",
    "last_updated": "2025-09-18T19:36:52.054337"
  },
  {
    "id": "992a3c32-9718-495b-a510-26c0a697754e",
    "first_name": "Grace",
    "last_name": "Young",
    "email": "grace.young@ubertechno.com",
    "phone": "(555) 977-0838",
    "company": "Uber Technologies",
    "title": "VP Product",
    "address": "4273 Madison Ave",
    "city": "Minneapolis",
    "state": "MN",
    "zip_code": "55495",
    "industry": "Energy",
    "revenue": 174924712205,
    "employees": 81283,
    "created_date": "2024-05-18T19:36:52.053944",
    "source_system": "Support",
    "data_quality_score": 94,
    "variation_type": "original",
    "last_updated": "2025-09-18T19:36:52.054641"
  },
  {
    "id": "afdb9246-6969-452e-a969-d8f7a989a587",
    "first_name": "Betty",
    "last_name": "Baker",
    "email": "elizabeth.baker@oraclecorp.com",
    "phone": "(555) 132-5197",
    "company": "Oracle Corporation",
    "title": "Sales Representative",
    "address": "854 High St",
    "city": "Chula Vista",
    "state": "CA",
    "zip_code": "91938",
    "industry": "Education",
    "revenue": 2793347639,
    "employees": 16542,
    "created_date": "2021-04-16T19:36:52.054115",
    "source_system": "Sales",
    "data_quality_score": 75,
    "variation_type": "duplicate",
    "last_updated": "2025-09-18T19:36:52.055020"
  },
  {
    "id": "125ba552-90d4-424a-9a8e-f8e29e5ce86d",
    "first_name": "Julie",
    "last_name": "Nelson",
    "email": "julia.nelson@amazonwebs.com",
    "phone": "(555) 164-1849",
    "company": "Amazon Web Services",
    "title": "Senior Analyst",
    "address": "9775 East Street",
    "city": "Columbus",
    "state": "OH",
    "zip_code": "43054",
    "industry": "Technology",
    "revenue": 27118037599,
    "employees": 11712,
    "created_date": "2022-05-19T19:36:52.054015",
    "source_system": "Support",
    "data_quality_score": 77,
    "variation_type": "duplicate",
    "last_updated": "2025-09-18T19:36:52.054790"
  },
  {
    "id": "66dfa691-2354-4e6b-88e8-7994590060cf",
    "first_name": "Rebecca E.",
    "last_name": "Hughes",
    "email": "rebecca.hughes@airbnbcorp.com",
    "phone": "(555) 198-1186",
    "company": "Airbnb Corp",
    "title": "VP Sales",
    "address": "8884 Third St",
    "city": "Jersey City",
    "state": "NJ",
    "zip_code": "07350",
    "industry": "Real Estate",
    "revenue": 246522987,
    "employees": 163,
    "created_date": "2022-06-12T19:36:52.053927",
    "source_system": "Marketing",
    "data_quality_score": 91,
    "variation_type": "duplicate",
    "last_updated": "2025-09-18T19:36:52.054591"
  },
  {
    "id": "8592e16a-6034-40a9-b056-1e3d7c09436b",
    "first_name": "Lauren",
    "last_name": "Martinez",
    "email": "lauren.martinez@lyftinc.com",
    "phone": "(555) 609-7514",
    "company": "Lyft Inc",
    "title": "VP Product",
    "address": "4067 Maple St",
    "city": "Austin",
    "state": "TX",
    "zip_code": "73381",
    "industry": "Energy",
    "revenue": 230966526288,
    "employees": 19987,
    "created_date": "2022-04-26T19:36:52.054210",
    "source_system": "CRM",
    "data_quality_score": 91,
    "variation_type": "original",
    "last_updated": "2025-09-18T19:36:52.055178"
  },
  {
    "id": "60e1db72-a5ee-4baa-94e8-e673a2511626",
    "first_name": "Carolyn",
    "last_name": "Moore",
    "email": "carolyn.moore@teslamotor.com",
    "phone": "(555) 843-4500",
    "company": "Tesla Motors",
    "title": "Director of Engineering",
    "address": "1605 Third St",
    "city": "Toledo",
    "state": "OH",
    "zip_code": "43693",
    "industry": "Education",
    "revenue": 3591711152,
    "employees": 30328,
    "created_date": "2025-03-11T19:36:52.053908",
    "source_system": "Website",
    "data_quality_score": 84,
    "variation_type": "original",
    "last_updated": "2025-09-18T19:36:52.054571"
  },
  {
    "id": "07ff554f-0531-4675-8e88-8924cd730d70",
    "first_name": "Gabriel",
    "last_name": "Gomez",
    "email": "gabriel.gomez@airbnbcorp.com",
    "phone": "(555) 115-6287",
    "company": "Airbnb Corp",
    "title": "Engineering Manager",
    "address": "9225 Pine St",
    "city": "Cincinnati",
    "state": "OH",
    "zip_code": "45219",
    "industry": "Finance",
    "revenue": 28080925963,
    "employees": 59949,
    "created_date": "2022-11-17T19:36:52.053952",
    "source_system": "Marketing",
    "data_quality_score": 79,
    "variation_type": "original",
    "last_updated": "2025-09-18T19:36:52.054673"
  },
  {
    "id": "fe196628-bbe5-4fc8-939c-c968a434c9a6",
    "first_name": "Jordan",
    "last_name": "Brooks",
    "email": "jordan.brooks@xcorp.com",
    "phone": "(555) 229-9954",
    "company": "Twitter Inc",
    "title": "Director of Operations",
    "address": "3842 Spring St",
    "city": "Raleigh",
    "state": "NC",
    "zip_code": "27652",
    "industry": "Manufacturing",
    "revenue": 6624903431,
    "employees": 41174,
    "created_date": "2025-01-06T19:36:52.054077",
    "source_system": "Website",
    "data_quality_score": 95,
    "variation_type": "duplicate",
    "last_updated": "2025-09-18T19:36:52.054922"
  },
  {
    "id": "c439078c-b86b-4343-a314-96314f1f6382",
    "first_name": "Jordan",
    "last_name": "Brook",
    "email": "jordan.brooks@xcorp.com",
    "phone": "555.229.9954",
    "company": "X Corp",
    "title": "Director of Operations",
    "address": "3842 Spring Street",
    "city": "Raleigh",
    "state": "NC",
    "zip_code": "27652",
    "industry": "Manufacturing",
    "revenue": 6624903431,
    "employees": 41174,
    "created_date": "2024-12-22T19:36:52.054077",
    "source_system": "Sales",
    "data_quality_score": 97,
    "variation_type": "duplicate",
    "last_updated": "2025-09-18T19:36:52.054909"
  },
  {
    "id": "41cae1e9-9464-4e88-b1f1-685e5a1d551d",
    "first_name": "Jacqueline",
    "last_name": "Anderson",
    "email": "jacqueline.anderson@githubinc.com",
    "phone": "(555) 102-8374",
    "company": "GitHub Incc",
    "title": "CISO",
    "address": "8822 Lincoln Ave",
    "city": "Irvine",
    "state": "CA",
    "zip_code": "92656",
    "industry": "Education",
    "revenue": 1853408227,
    "employees": 16703,
    "created_date": "2021-12-14T19:36:52.054023",
    "source_system": "Website",
    "data_quality_score": 83,
    "variation_type": "duplicate",
    "last_updated": "2025-09-18T19:36:52.054836"
  },
  {
    "id": "fc9b4471-f77a-4c39-82b1-23bc55c8f6ce",
    "first_name": "Christine",
    "last_name": "Garcia",
    "email": "christine.garcia@dropboxinc.com",
    "phone": "(555) 355-6551",
    "company": "Dropbox Inc",
    "title": "Product Specialist",
    "address": "2069 Sunset Blvd",
    "city": "Sacramento",
    "state": "CA",
    "zip_code": "94295",
    "industry": "Technology",
    "revenue": 39147004593,
    "employees": 13075,
    "created_date": "2024-06-29T19:36:52.054122",
    "source_system": "CRM",
    "data_quality_score": 95,
    "variation_type": "original",
    "last_updated": "2025-09-18T19:36:52.055033"
  },
  {
    "id": "a94c4016-d801-471b-aa74-e2c46bac3a55",
    "first_name": "Zach",
    "last_name": "Watson",
    "email": "zachary.watson@oraclecorp.com",
    "phone": "(555) 225-9379",
    "company": "Oracle Corp",
    "title": "Product Director",
    "address": "44 South St",
    "city": "Nashville",
    "state": "TN",
    "zip_code": "37267",
    "industry": "Retail",
    "revenue": 329383340966,
    "employees": 82393,
    "created_date": "2023-01-24T19:36:52.054225",
    "source_system": "Sales",
    "data_quality_score": 99,
    "variation_type": "duplicate",
    "last_updated": "2025-09-18T19:36:52.055201"
  },
  {
    "id": "486ec2e7-6c97-4e51-87da-0482c5dc4b92",
    "first_name": "Lauren",
    "last_name": "Wilson",
    "email": "lauren.wilson@stripecorp.com",
    "phone": "(555) 409-3109",
    "company": "Stripe Corp",
    "title": "Marketing Manager",
    "address": "4137 Sunset Blvd",
    "city": "San Antonio",
    "state": "TX",
    "zip_code": "78224",
    "industry": "Technology",
    "revenue": 7826927132,
    "employees": 30772,
    "created_date": "2023-06-18T19:36:52.054203",
    "source_system": "Support",
    "data_quality_score": 85,
    "variation_type": "duplicate",
    "last_updated": "2025-09-18T19:36:52.055167"
  },
  {
    "id": "778fee5b-9fb5-4158-a766-9b31e3ba42ba",
    "first_name": "Jacqueline U",
    "last_name": "Anderson",
    "email": "jacqueline.anderson@githubinc.com",
    "phone": "(555) 102-8374",
    "company": "GitHub Inc",
    "title": "CISO",
    "address": "8822 Lincoln Ave",
    "city": "Irvine",
    "state": "CA",
    "zip_code": "92656",
    "industry": "Education",
    "revenue": 1853408227,
    "employees": 16703,
    "created_date": "2021-12-17T19:36:52.054023",
    "source_system": "Sales",
    "data_quality_score": 68,
    "variation_type": "duplicate",
    "last_updated": "2025-09-18T19:36:52.054813"
  },
  {
    "id": "488a7f4f-4f2f-4585-bc53-5bc71da313dd",
    "first_name": "N1cole",
    "last_name": "Roberts",
    "email": "nicole.roberts@dropboxinc.com",
    "phone": "(555) 690-1533",
    "company": "Dropbox Inc",
    "title": "Engineering Manager",
    "address": "6390 South St",
    "city": "Virginia Beach",
    "state": "VA",
    "zip_code": "23478",
    "industry": "Energy",
    "revenue": 406987481183,
    "employees": 75556,
    "created_date": "2022-08-05T19:36:52.054092",
    "source_system": "Sales",
    "data_quality_score": 91,
    "variation_type": "duplicate",
    "last_updated": "2025-09-18T19:36:52.054952"
  },
  {
    "id": "60b04433-1226-48c9-8b67-d717944c635a",
    "first_name": "Christina",
    "last_name": "Rivera",
    "email": "christina.rivera@paypalhold.com",
    "phone": "(555) 201-6911",
    "company": "PayPal Holdings",
    "title": "VP Engineering",
    "address": "5560 Pine St",
    "city": "Santa Ana",
    "state": "CA",
    "zip_code": "92741",
    "industry": "Education",
    "revenue": 823873088,
    "employees": 47790,
    "created_date": "2022-09-16T19:36:52.053892",
    "source_system": "Marketing",
    "data_quality_score": 75,
    "variation_type": "original",
    "last_updated": "2025-09-18T19:36:52.054564"
  },
  {
    "id": "379e6049-fccd-4843-91e8-18b71e8cbf22",
    "first_name": "Richard",
    "last_name": "Garcia",
    "email": "richard.garcia@slacktechn.com",
    "phone": "(555) 426-2081",
    "company": "Slack Technologies",
    "title": "Product Manager",
    "address": "6292 River Rd",
    "city": "Spokane",
    "state": "WA",
    "zip_code": "99261",
    "industry": "Retail",
    "revenue": 78362316532,
    "employees": 238819,
    "created_date": "2022-01-14T19:36:52.054054",
    "source_system": "Marketing",
    "data_quality_score": 74,
    "variation_type": "original",
    "last_updated": "2025-09-18T19:36:52.054877"
  },
  {
    "id": "17a26879-6f89-4a71-8926-89a5685253fc",
    "first_name": "Ash",
    "last_name": "Morales",
    "email": "ashley.morales@twitterinc.com",
    "phone": "(555) 851-9121",
    "company": "Twitter Inc",
    "title": "Operations Manager",
    "address": "1525 Hill St",
    "city": "Chicago",
    "state": "IL",
    "zip_code": "60638",
    "industry": "Real Estate",
    "revenue": 1045987715,
    "employees": 712,
    "created_date": "2021-12-21T19:36:52.054173",
    "source_system": "CRM",
    "data_quality_score": 68,
    "variation_type": "duplicate",
    "last_updated": "2025-09-18T19:36:52.055088"
  },
  {
    "id": "ae4c5cfc-4326-45d1-a5c0-c79657c9f29e",
    "first_name": "Ann",
    "last_name": "Morales",
    "email": "ann.morales@blockinc.com",
    "phone": "(555) 893-0103",
    "company": "Block Inc",
    "title": "Product Specialist",
    "address": "7750 South St",
    "city": "Mesa",
    "state": "AZ",
    "zip_code": "85234",
    "industry": "Retail",
    "revenue": 51949733780,
    "employees": 379295,
    "created_date": "2022-01-08T19:36:52.053863",
    "source_system": "Support",
    "data_quality_score": 80,
    "variation_type": "original",
    "last_updated": "2025-09-18T19:36:52.054557"
  },
  {
    "id": "9b426751-5d1a-4857-a11a-740b34c146b9",
    "first_name": "Vicky",
    "last_name": "Cook",
    "email": "victoria.cook@teslainc.com",
    "phone": "(555) 214-9597",
    "company": "Tesla Inc",
    "title": "Senior Developer",
    "address": "1114 Franklin St",
    "city": "Madison",
    "state": "WI",
    "zip_code": "53761",
    "industry": "Real Estate",
    "revenue": 4810876362,
    "employees": 988,
    "created_date": "2020-08-31T19:36:52.053936",
    "source_system": "CRM",
    "data_quality_score": 69,
    "variation_type": "duplicate",
    "last_updated": "2025-09-18T19:36:52.054611"
  },
  {
    "id": "0db3497a-1360-47a6-81e7-76cb94d4c844",
    "first_name": "Mason X.",
    "last_name": "Walker",
    "email": "mason.walker@salesforce.com",
    "phone": "555.993.7326",
    "company": "Salesforce.com",
    "title": "Senior Engineer",
    "address": "2104 Sunset Blvd",
    "city": "Indianapolis",
    "state": "IN",
    "zip_code": "46280",
    "industry": "Technology",
    "revenue": 17890084075,
    "employees": 5623,
    "created_date": "2022-09-23T19:36:52.053839",
    "source_system": "Sales",
    "data_quality_score": 60,
    "variation_type": "duplicate",
    "last_updated": "2025-09-18T19:36:52.054517"
  },
  {
    "id": "8287dc22-ea25-412a-9504-cebe4556bc76",
    "first_name": "Rebecca",
    "last_name": "Hughes",
    "email": "rebecca.hughes@airbnbcorp.com",
    "phone": "(555) 198-1186",
    "company": "Airbnb Corp",
    "title": "VP Sales",
    "address": "8884 Third St",
    "city": "Jersey City",
    "state": "NJ",
    "zip_code": "07350",
    "industry": "Real Estate",
    "revenue": 246522987,
    "employees": 163,
    "created_date": "2022-06-10T19:36:52.053927",
    "source_system": "Support",
    "data_quality_score": 84,
    "variation_type": "original",
    "last_updated": "2025-09-18T19:36:52.054585"
  },
  {
    "id": "84289c5d-954d-4bda-99ed-d04f854d2d72",
    "first_name": "Sarah",
    "last_name": "Scott",
    "email": "sarah.scott@netflixcor.com",
    "phone": "(555) 702-2674",
    "company": "Netflix Corp",
    "title": "VP Engineering",
    "address": "9892 Church St",
    "city": "New Orleans",
    "state": "LA",
    "zip_code": "70115",
    "industry": "Finance",
    "revenue": 63265716304,
    "employees": 13416,
    "created_date": "2022-09-16T19:36:52.053770",
    "source_system": "Support",
    "data_quality_score": 65,
    "variation_type": "original",
    "last_updated": "2025-09-18T19:36:52.054326"
  },
  {
    "id": "3480fe77-9940-4f20-9860-547e20671c60",
    "first_name": "Ashle",
    "last_name": "Morales",
    "email": "ashley.morales@twitterinc.com",
    "phone": "(555) 851-9121",
    "company": "Twitter Inc",
    "title": "Operations Manager",
    "address": "1525 Hill St",
    "city": "Chicago",
    "state": "IL",
    "zip_code": "60638",
    "industry": "Real Estate",
    "revenue": 1045987715,
    "employees": 712,
    "created_date": "2021-12-03T19:36:52.054173",
    "source_system": "Support",
    "data_quality_score": 93,
    "variation_type": "duplicate",
    "last_updated": "2025-09-18T19:36:52.055110"
  },
  {
    "id": "13ef88b4-cccf-4c71-9d88-d26916e63ccd",
    "first_name": "Victoria K.",
    "last_name": "Cook",
    "email": "victoria.cook@teslainc.com",
    "phone": "(555) 214-9597",
    "company": "Tesla Inc",
    "title": "Senior Developer",
    "address": "1114 Franklin St",
    "city": "Madison",
    "state": "WI",
    "zip_code": "53761",
    "industry": "Real Estate",
    "revenue": 4810876362,
    "employees": 988,
    "created_date": "2020-10-01T19:36:52.053936",
    "source_system": "Website",
    "data_quality_score": 84,
    "variation_type": "duplicate",
    "last_updated": "2025-09-18T19:36:52.054630"
  },
  {
    "id": "9938f018-7d30-4e90-9c2f-c008c72486fb",
    "first_name": "Mason",
    "last_name": "Walker",
    "email": "mason.walker@salesforce.com",
    "phone": "(555) 993-7326",
    "company": "Salesforce.com",
    "title": "Senior Engineer",
    "address": "2104 Sunset Blvd",
    "city": "Indianapolis",
    "state": "IN",
    "zip_code": "46280",
    "industry": "Technology",
    "revenue": 17890084075,
    "employees": 5623,
    "created_date": "2022-10-04T19:36:52.053839",
    "source_system": "Support",
    "data_quality_score": 75,
    "variation_type": "original",
    "last_updated": "2025-09-18T19:36:52.054500"
  },
  {
    "id": "70f87ff1-daa7-4c95-aa6b-7a7c1a69384a",
    "first_name": "Johnny",
    "last_name": "Carter",
    "email": "jonathan.carter@squareinc.com",
    "phone": "(555) 176-8805",
    "company": "Square Inc",
    "title": "Senior Engineer",
    "address": "3734 Hill St",
    "city": "Irving",
    "state": "TX",
    "zip_code": "75020",
    "industry": "Healthcare",
    "revenue": 3674061638,
    "employees": 5930,
    "created_date": "2020-11-27T19:36:52.053780",
    "source_system": "Website",
    "data_quality_score": 97,
    "variation_type": "duplicate",
    "last_updated": "2025-09-18T19:36:52.054347"
  },
  {
    "id": "15d69064-00e3-4fb1-b6b4-780aa5749c60",
    "first_name": "Ashley",
    "last_name": "Morales",
    "email": "ashley.morales@twitterinc.com",
    "phone": "(555) 851-9121",
    "company": "Twitter Inc",
    "title": "Operations Manager",
    "address": "1525 Hill St",
    "city": "Chicago",
    "state": "IL",
    "zip_code": "60638",
    "industry": "Real Estate",
    "revenue": 1045987715,
    "employees": 712,
    "created_date": "2021-12-15T19:36:52.054173",
    "source_system": "CRM",
    "data_quality_score": 71,
    "variation_type": "duplicate",
    "last_updated": "2025-09-18T19:36:52.055100"
  },
  {
    "id": "ee209522-0e0f-4adf-a375-7a067712b60b",
    "first_name": "Jonathan",
    "last_name": "Carter",
    "email": "jonathan.carter@squareinc.com",
    "phone": "(555) 176-8805",
    "company": "Block Inc",
    "title": "Senior Engineer",
    "address": "3734 Hill St",
    "city": "Irving",
    "state": "TX",
    "zip_code": "75020",
    "industry": "Healthcare",
    "revenue": 3674061638,
    "employees": 5930,
    "created_date": "2020-11-16T19:36:52.053780",
    "source_system": "Support",
    "data_quality_score": 77,
    "variation_type": "duplicate",
    "last_updated": "2025-09-18T19:36:52.054364"
  },
  {
    "id": "a96d36c8-1de8-4b08-a10b-90d3047bb7b1",
    "first_name": "Brenda",
    "last_name": "Anderson",
    "email": "brenda.anderson@linkedinco.com",
    "phone": "(555) 245-8591",
    "company": "LinkedIn Corporation",
    "title": "Director of Engineering",
    "address": "6913 Second St",
    "city": "Chandler",
    "state": "AZ",
    "zip_code": "85213",
    "industry": "Technology",
    "revenue": 13288319898,
    "employees": 16059,
    "created_date": "2024-05-30T19:36:52.053733",
    "source_system": "Sales",
    "data_quality_score": 92,
    "variation_type": "original",
    "last_updated": "2025-09-18T19:36:52.054302"
  },
  {
    "id": "83eb8d23-66b8-4286-a12d-88a6d6fab232",
    "first_name": "Kyle",
    "last_name": "Rogers",
    "email": "kyle.rogers@snapinc.com",
    "phone": "(555) 662-3525",
    "company": "Snap Inc",
    "title": "Product Director",
    "address": "3849 Broadway",
    "city": "Jacksonville",
    "state": "FL",
    "zip_code": "32038",
    "industry": "Media",
    "revenue": 7759628566,
    "employees": 1394,
    "created_date": "2024-11-21T19:36:52.054046",
    "source_system": "Support",
    "data_quality_score": 64,
    "variation_type": "original",
    "last_updated": "2025-09-18T19:36:52.054867"
  },
  {
    "id": "f8837432-346f-4d72-9151-7f8b9d9b7772",
    "first_name": "Mason P.",
    "last_name": "Walker",
    "email": "mason.walker@salesforce.com",
    "phone": "(555) 993-7326",
    "company": "Salesforce.com",
    "title": "Senior Engineer",
    "address": "2104 Sunset Blvd",
    "city": "Indianapolis",
    "state": "IN",
    "zip_code": "46280",
    "industry": "Technology",
    "revenue": 17890084075,
    "employees": 5623,
    "created_date": "2022-09-26T19:36:52.053839",
    "source_system": "Support",
    "data_quality_score": 94,
    "variation_type": "duplicate",
    "last_updated": "2025-09-18T19:36:52.054527"
  },
  {
    "id": "066735b3-1b18-40df-8568-6171e7143622",
    "first_name": "Charlotte",
    "last_name": "Richardson",
    "email": "charlotte.richardson@xcorp.com",
    "phone": "(555) 819-4570",
    "company": "X Corp",
    "title": "Marketing Specialist",
    "address": "9317 Third St",
    "city": "Oakland",
    "state": "CA",
    "zip_code": "94688",
    "industry": "Retail",
    "revenue": 407855561607,
    "employees": 236249,
    "created_date": "2025-02-27T19:36:52.054218",
    "source_system": "Support",
    "data_quality_score": 64,
    "variation_type": "original",
    "last_updated": "2025-09-18T19:36:52.055186"
  },
  {
    "id": "5c7e0270-c6e4-4a10-a747-32dd9427d8b7",
    "first_name": "Brittany",
    "last_name": "Brown",
    "email": "brittany.brown@linkedinco.com",
    "phone": "(555) 547-6257",
    "company": "LinkedIn Corporation",
    "title": "Data Analyst",
    "address": "1772 Water St",
    "city": "Nashville",
    "state": "TN",
    "zip_code": "37214",
    "industry": "Finance",
    "revenue": 68114139383,
    "employees": 53984,
    "created_date": "2024-06-20T19:36:52.054000",
    "source_system": "Sales",
    "data_quality_score": 89,
    "variation_type": "original",
    "last_updated": "2025-09-18T19:36:52.054744"
  },
  {
    "id": "4a7a231f-1032-45b5-8f51-422966cc20eb",
    "first_name": "Henry",
    "last_name": "Green",
    "email": "henry.green@linkedinco.com",
    "phone": "(555) 563-8893",
    "company": "LinkedIn Corp",
    "title": "Director of Operations",
    "address": "8596 Hill St",
    "city": "Chandler",
    "state": "AZ",
    "zip_code": "85222",
    "industry": "Healthcare",
    "revenue": 3576611591,
    "employees": 3143,
    "created_date": "2024-01-21T19:36:52.054188",
    "source_system": "Sales",
    "data_quality_score": 92,
    "variation_type": "original",
    "last_updated": "2025-09-18T19:36:52.055130"
  },
  {
    "id": "254e667b-f769-432d-8ad2-fbf507fd5c75",
    "first_name": "Zachary",
    "last_name": "Watson",
    "email": "zachary.watson@oraclecorp.com",
    "phone": "+15552259379",
    "company": "Oracle Corp",
    "title": "Product Director",
    "address": "44 South St",
    "city": "Nashville",
    "state": "TN",
    "zip_code": "37267",
    "industry": "Retail",
    "revenue": 329383340966,
    "employees": 82393,
    "created_date": "2023-02-15T19:36:52.054225",
    "source_system": "Support",
    "data_quality_score": 85,
    "variation_type": "duplicate",
    "last_updated": "2025-09-18T19:36:52.055222"
  },
  {
    "id": "5cb6e958-869a-4cc7-a3a8-2d2051882f60",
    "first_name": "Jacqueline",
    "last_name": "Anderson",
    "email": "jacqueline.anderson@githubinc.com",
    "phone": "(555) 102-8374",
    "company": "GitHub Inc",
    "title": "CISO",
    "address": "8822 Lincoln Ave",
    "city": "Irvine",
    "state": "CA",
    "zip_code": "92656",
    "industry": "Education",
    "revenue": 1853408227,
    "employees": 16703,
    "created_date": "2021-12-28T19:36:52.054023",
    "source_system": "Sales",
    "data_quality_score": 74,
    "variation_type": "original",
    "last_updated": "2025-09-18T19:36:52.054805"
  },
  {
    "id": "37e4ace7-b26c-4327-bb85-6ce43444c32e",
    "first_name": "Gabriel",
    "last_name": "Taylor",
    "email": "gabriel.taylor@githubinc.com",
    "phone": "(555) 835-1517",
    "company": "GitHub Inc",
    "title": "Sales Manager",
    "address": "4957 Valley Rd",
    "city": "Chula Vista",
    "state": "CA",
    "zip_code": "91911",
    "industry": "Consulting",
    "revenue": 2382998678,
    "employees": 2006,
    "created_date": "2021-12-30T19:36:52.053960",
    "source_system": "CRM",
    "data_quality_score": 62,
    "variation_type": "original",
    "last_updated": "2025-09-18T19:36:52.054682"
  },
  {
    "id": "89cbc147-5dfd-427a-bcfa-5732d8a73b29",
    "first_name": "Hannah",
    "last_name": "Cox",
    "email": "hannah.cox@blockinc.com",
    "phone": "(555) 803-8374",
    "company": "Block Inc",
    "title": "Senior Specialist",
    "address": "7360 Spring St",
    "city": "Tucson",
    "state": "AZ",
    "zip_code": "85710",
    "industry": "Technology",
    "revenue": 47931371780,
    "employees": 46935,
    "created_date": "2023-05-07T19:36:52.053759",
    "source_system": "Website",
    "data_quality_score": 91,
    "variation_type": "original",
    "last_updated": "2025-09-18T19:36:52.054317"
  },
  {
    "id": "8e14c335-259b-49e3-8e96-7a6c20e9cd6d",
    "first_name": "Julia",
    "last_name": "Nelson",
    "email": "julia.nelson@amazonwebs.com",
    "phone": "(555) 164-1849",
    "company": "Amazon Web Services",
    "title": "Senior Analyst",
    "address": "9775 East St",
    "city": "Columbus",
    "state": "OH",
    "zip_code": "43054",
    "industry": "Technology",
    "revenue": 27118037599,
    "employees": 11712,
    "created_date": "2022-04-26T19:36:52.054015",
    "source_system": "Support",
    "data_quality_score": 78,
    "variation_type": "original",
    "last_updated": "2025-09-18T19:36:52.054760"
  },
  {
    "id": "b2a29a90-1f10-4153-a819-88d10c5f0797",
    "first_name": "Rachel",
    "last_name": "Peterson",
    "email": "rachel.peterson@blockinc.com",
    "phone": "(555) 160-4451",
    "company": "Block Inc",
    "title": "VP Sales",
    "address": "9544 Elm St",
    "city": "Bakersfield",
    "state": "CA",
    "zip_code": "93365",
    "industry": "Education",
    "revenue": 548374338,
    "employees": 7341,
    "created_date": "2023-12-27T19:36:52.053982",
    "source_system": "Sales",
    "data_quality_score": 87,
    "variation_type": "original",
    "last_updated": "2025-09-18T19:36:52.054707"
  },
  {
    "id": "56265a76-8c6b-474d-9807-d03d50be3dd9",
    "first_name": "Sandra",
    "last_name": "Garciaa",
    "email": "sandra.garcia@netflixinc.com",
    "phone": "(555) 781-7881",
    "company": "Netflix Inc",
    "title": "Product Manager",
    "address": "2533 Franklin Street",
    "city": "Winston-Salem",
    "state": "NC",
    "zip_code": "27130",
    "industry": "Consulting",
    "revenue": 3483238042,
    "employees": 847,
    "created_date": "2020-10-08T19:36:52.053991",
    "source_system": "Website",
    "data_quality_score": 84,
    "variation_type": "duplicate",
    "last_updated": "2025-09-18T19:36:52.054724"
  },
  {
    "id": "a7ca2877-03dc-4f0a-b9d6-ce41483b37a1",
    "first_name": "Nicole",
    "last_name": "Roberts",
    "email": "nicole.roberts@dropboxinc.com",
    "phone": "(555) 690-1533",
    "company": "Dropbox Corp",
    "title": "Engineering Manager",
    "address": "6390 South St.",
    "city": "Virginia Beach",
    "state": "VA",
    "zip_code": "23478",
    "industry": "Energy",
    "revenue": 406987481183,
    "employees": 75556,
    "created_date": "2022-09-07T19:36:52.054092",
    "source_system": "Website",
    "data_quality_score": 86,
    "variation_type": "duplicate",
    "last_updated": "2025-09-18T19:36:52.054964"
  },
  {
    "id": "ee9fdcc5-1166-41f0-8404-c5694437b01c",
    "first_name": "Alexis",
    "last_name": "Lewis",
    "email": "alexis.lewis@salesforce.com",
    "phone": "(555) 663-9317",
    "company": "Salesforce Inc",
    "title": "Operations Manager",
    "address": "6625 Washington St",
    "city": "Fremont",
    "state": "CA",
    "zip_code": "94569",
    "industry": "Media",
    "revenue": 8244868490,
    "employees": 7145,
    "created_date": "2022-03-24T19:36:52.054099",
    "source_system": "CRM",
    "data_quality_score": 91,
    "variation_type": "original",
    "last_updated": "2025-09-18T19:36:52.054977"
  },
  {
    "id": "eff95d35-32c7-4b3c-a14c-6be87a8c3bde",
    "first_name": "Doris",
    "last_name": "Mitchell",
    "email": "doris.mitchell@squareinc.com",
    "phone": "(555) 654-9757",
    "company": "Square Inc",
    "title": "Product Specialist",
    "address": "7435 Spring St",
    "city": "Wichita",
    "state": "KS",
    "zip_code": "67249",
    "industry": "Media",
    "revenue": 5375237865,
    "employees": 6976,
    "created_date": "2025-01-14T19:36:52.054180",
    "source_system": "Support",
    "data_quality_score": 88,
    "variation_type": "original",
    "last_updated": "2025-09-18T19:36:52.055122"
  },
  {
    "id": "7485c1dd-de03-4df1-817d-f2afb7ccfcdf",
    "first_name": "Samuel",
    "last_name": "Robinson",
    "email": "samuel.robinson@spotifytec.com",
    "phone": "(555) 783-8382",
    "company": "Spotify Technology",
    "title": "Director of Operations",
    "address": "8891 Central Ave",
    "city": "Arlington",
    "state": "TX",
    "zip_code": "76063",
    "industry": "Education",
    "revenue": 268429212,
    "employees": 46305,
    "created_date": "2021-01-17T19:36:52.054084",
    "source_system": "Website",
    "data_quality_score": 74,
    "variation_type": "original",
    "last_updated": "2025-09-18T19:36:52.054935"
  },
  {
    "id": "09ba98de-1b7c-41d9-b7e9-94367157e773",
    "first_name": "Heather",
    "last_name": "Bennett",
    "email": "heather.bennett@squareinc.com",
    "phone": "(555) 946-8772",
    "company": "Square Inc",
    "title": "Sales Representative",
    "address": "8977 West St",
    "city": "Lexington",
    "state": "KY",
    "zip_code": "40530",
    "industry": "Real Estate",
    "revenue": 2039711176,
    "employees": 977,
    "created_date": "2024-04-06T19:36:52.054069",
    "source_system": "Sales",
    "data_quality_score": 65,
    "variation_type": "original",
    "last_updated": "2025-09-18T19:36:52.054893"
  },
  {
    "id": "15dd6e04-302b-4d74-b972-2b106b01b841",
    "first_name": "Marie",
    "last_name": "Brown",
    "email": "marie.brown@stripeinc.com",
    "phone": "(555) 874-6014",
    "company": "Stripe Inc",
    "title": "Senior Developer",
    "address": "824 Church St",
    "city": "Memphis",
    "state": "TN",
    "zip_code": "38158",
    "industry": "Education",
    "revenue": 1406969000,
    "employees": 5511,
    "created_date": "2023-03-02T19:36:52.054107",
    "source_system": "Website",
    "data_quality_score": 86,
    "variation_type": "original",
    "last_updated": "2025-09-18T19:36:52.054983"
  },
  {
    "id": "bb694f30-eded-4c77-9786-fe47290ecede",
    "first_name": "Anna",
    "last_name": "Hill",
    "email": "anna.hill@ubertechno.com",
    "phone": "(555) 989-7858",
    "company": "Uber Inc",
    "title": "Director of Sales",
    "address": "9814 Market St",
    "city": "New York",
    "state": "NY",
    "zip_code": "10072",
    "industry": "Real Estate",
    "revenue": 84651970,
    "employees": 161,
    "created_date": "2023-09-02T19:36:52.053830",
    "source_system": "Sales",
    "data_quality_score": 92,
    "variation_type": "duplicate",
    "last_updated": "2025-09-18T19:36:52.054489"
  },
  {
    "id": "d267a238-98a3-44c2-b76b-15e509612483",
    "first_name": "Juliia",
    "last_name": "Nelson",
    "email": "julia.nelson@amazonwebs.com",
    "phone": "1-555-164-1849",
    "company": "Amazon Web Services",
    "title": "Senior Analyst",
    "address": "9775 East St",
    "city": "Columbus",
    "state": "OH",
    "zip_code": "43054",
    "industry": "Technology",
    "revenue": 27118037599,
    "employees": 11712,
    "created_date": "2022-04-18T19:36:52.054015",
    "source_system": "Support",
    "data_quality_score": 66,
    "variation_type": "duplicate",
    "last_updated": "2025-09-18T19:36:52.054779"
  },
  {
    "id": "24189d1a-ddb2-4c5a-8a9e-eda50105ced8",
    "first_name": "Elizabeth",
    "last_name": "White",
    "email": "elizabeth.white@netflixcor.com",
    "phone": "(555) 563-5017",
    "company": "Netflix Corp",
    "title": "Product Manager",
    "address": "167 Valley Rd",
    "city": "Fort Wayne",
    "state": "IN",
    "zip_code": "46834",
    "industry": "Media",
    "revenue": 4663172167,
    "employees": 4237,
    "created_date": "2021-09-05T19:36:52.054165",
    "source_system": "Sales",
    "data_quality_score": 69,
    "variation_type": "original",
    "last_updated": "2025-09-18T19:36:52.055073"
  },
  {
    "id": "c1d5aebf-9a43-48d2-88fa-226a4791d5d1",
    "first_name": "David",
    "last_name": "Ramos",
    "email": "david.ramos@salesforce.com",
    "phone": "(555) 484-1005",
    "company": "Salesforce.com",
    "title": "CEO",
    "address": "515 State St",
    "city": "Dallas",
    "state": "TX",
    "zip_code": "75219",
    "industry": "Real Estate",
    "revenue": 2209283728,
    "employees": 12,
    "created_date": "2024-02-26T19:36:52.053855",
    "source_system": "Website",
    "data_quality_score": 84,
    "variation_type": "original",
    "last_updated": "2025-09-18T19:36:52.054548"
  },
  {
    "id": "553d6d2b-ef01-4cc0-83ae-11511385bfa1",
    "first_name": "Grace",
    "last_name": "Young",
    "email": "grace.young@ubertechno.com",
    "phone": "(555) 977-0838",
    "company": "Uber Technologies",
    "title": "VP Product",
    "address": "4273 Madison Ave",
    "city": "Minneapolis",
    "state": "MN",
    "zip_code": "55495",
    "industry": "Energy",
    "revenue": 174924712205,
    "employees": 81283,
    "created_date": "2024-05-31T19:36:52.053944",
    "source_system": "Marketing",
    "data_quality_score": 100,
    "variation_type": "duplicate",
    "last_updated": "2025-09-18T19:36:52.054648"
  },
  {
    "id": "30c98707-9e0a-4ed2-87cc-40e55e4032b8",
    "first_name": "William",
    "last_name": "Long",
    "email": "william.long@xcorp.com",
    "phone": "(555) 879-3853",
    "company": "X Corp",
    "title": "Product Director",
    "address": "9133 Franklin St",
    "city": "San Antonio",
    "state": "TX",
    "zip_code": "78225",
    "industry": "Healthcare",
    "revenue": 1960988639,
    "employees": 3590,
    "created_date": "2021-03-22T19:36:52.054061",
    "source_system": "Support",
    "data_quality_score": 95,
    "variation_type": "original",
    "last_updated": "2025-09-18T19:36:52.054884"
  },
  {
    "id": "b5cf3573-f059-42ed-bf15-c251c542609f",
    "first_name": "Lori",
    "last_name": "Diaz",
    "email": "lori.diaz@atlassianc.com",
    "phone": "(555) 835-0099",
    "company": "Atlassian Corp",
    "title": "Marketing Manager",
    "address": "7398 Maple St",
    "city": "Irvine",
    "state": "CA",
    "zip_code": "92641",
    "industry": "Retail",
    "revenue": 35329806095,
    "employees": 373840,
    "created_date": "2023-10-27T19:36:52.053847",
    "source_system": "Sales",
    "data_quality_score": 95,
    "variation_type": "original",
    "last_updated": "2025-09-18T19:36:52.054541"
  },
  {
    "id": "14dd2c31-67dc-4a5c-8df6-5cd381937a5c",
    "first_name": "Elizabeth",
    "last_name": "Baker",
    "email": "elizabeth.baker@oraclecorp.com",
    "phone": "(555) 132-5197",
    "company": "Oracle Corporation",
    "title": "Sales Representative",
    "address": "854 High St",
    "city": "Chula Vista",
    "state": "CA",
    "zip_code": "91938",
    "industry": "Education",
    "revenue": 2793347639,
    "employees": 16542,
    "created_date": "2021-05-03T19:36:52.054115",
    "source_system": "Sales",
    "data_quality_score": 62,
    "variation_type": "original",
    "last_updated": "2025-09-18T19:36:52.054991"
  },
  {
    "id": "9962f0a8-61fc-4f74-94a2-659d17f67e45",
    "first_name": "Elizabeth",
    "last_name": "Baker",
    "email": "elizabeth.baker@oraclecorp.com",
    "phone": "1-555-132-5197",
    "company": "Oracle Corporation",
    "title": "Sales Representative",
    "address": "854 High St",
    "city": "Chula Vista",
    "state": "CA",
    "zip_code": "91938",
    "industry": "Education",
    "revenue": 2793347639,
    "employees": 16542,
    "created_date": "2021-05-14T19:36:52.054115",
    "source_system": "Sales",
    "data_quality_score": 66,
    "variation_type": "duplicate",
    "last_updated": "2025-09-18T19:36:52.054997"
  },
  {
    "id": "97979ae7-587a-45c2-91dd-10af6d399a21",
    "first_name": "Nicholas",
    "last_name": "Mendoza",
    "email": "nicholas.mendoza@xcorp.com",
    "phone": "(555) 592-4115",
    "company": "X Corp",
    "title": "Senior Engineer",
    "address": "2592 Central Ave",
    "city": "Henderson",
    "state": "NV",
    "zip_code": "89010",
    "industry": "Real Estate",
    "revenue": 3920706735,
    "employees": 792,
    "created_date": "2020-11-01T19:36:52.053822",
    "source_system": "Marketing",
    "data_quality_score": 79,
    "variation_type": "original",
    "last_updated": "2025-09-18T19:36:52.054465"
  },
  {
    "id": "d08d2d6d-8731-4f45-9c32-85fa042dc681",
    "first_name": "Victoria",
    "last_name": "Cook",
    "email": "victoria.cook@teslainc.com",
    "phone": "(555) 214-9597",
    "company": "Tesla Inc",
    "title": "Senior Developer",
    "address": "1114 Franklin St",
    "city": "Madison",
    "state": "WI",
    "zip_code": "53761",
    "industry": "Real Estate",
    "revenue": 4810876362,
    "employees": 988,
    "created_date": "2020-09-21T19:36:52.053936",
    "source_system": "Sales",
    "data_quality_score": 66,
    "variation_type": "original",
    "last_updated": "2025-09-18T19:36:52.054603"
  },
  {
    "id": "a06bd6c6-fa24-4e05-8991-36fa938833ef",
    "first_name": "Diane",
    "last_name": "Hughes",
    "email": "diane.hughes@xcorp.com",
    "phone": "(555) 374-7534",
    "company": "X Corp",
    "title": "Senior Engineer",
    "address": "1772 First St",
    "city": "Oakland",
    "state": "CA",
    "zip_code": "94649",
    "industry": "Manufacturing",
    "revenue": 45432701058,
    "employees": 11096,
    "created_date": "2023-08-12T19:36:52.054129",
    "source_system": "Marketing",
    "data_quality_score": 97,
    "variation_type": "original",
    "last_updated": "2025-09-18T19:36:52.055040"
  },
  {
    "id": "127ab751-fe36-4419-a632-5f47e0279bee",
    "first_name": "Heather",
    "last_name": "Carter",
    "email": "heather.carter@atlassianc.com",
    "phone": "(555) 484-2788",
    "company": "Atlassian Corp",
    "title": "Engineering Manager",
    "address": "5169 North St",
    "city": "Phoenix",
    "state": "AZ",
    "zip_code": "85044",
    "industry": "Manufacturing",
    "revenue": 13179179777,
    "employees": 44966,
    "created_date": "2022-07-15T19:36:52.053797",
    "source_system": "CRM",
    "data_quality_score": 85,
    "variation_type": "original",
    "last_updated": "2025-09-18T19:36:52.054416"
  },
  {
    "id": "3526a009-8d82-4abc-9c22-884602b2b27c",
    "first_name": "Arthur",
    "last_name": "Perez",
    "email": "arthur.perez@slackinc.com",
    "phone": "(555) 376-2152",
    "company": "Slack Inc",
    "title": "Software Engineer",
    "address": "36 Water St",
    "city": "Aurora",
    "state": "CO",
    "zip_code": "80043",
    "industry": "Education",
    "revenue": 7668072205,
    "employees": 14018,
    "created_date": "2024-02-12T19:36:52.053918",
    "source_system": "Marketing",
    "data_quality_score": 86,
    "variation_type": "original",
    "last_updated": "2025-09-18T19:36:52.054578"
  },
  {
    "id": "276ddc93-0a52-412f-8e1e-68f825dcc9ad",
    "first_name": "Nicole",
    "last_name": "Roberts",
    "email": "nicole.roberts@dropboxinc.com",
    "phone": "(555) 690-1533",
    "company": "Dropbox Inc",
    "title": "Engineering Manager",
    "address": "6390 South St",
    "city": "Virginia Beach",
    "state": "VA",
    "zip_code": "23478",
    "industry": "Energy",
    "revenue": 406987481183,
    "employees": 75556,
    "created_date": "2022-08-27T19:36:52.054092",
    "source_system": "Support",
    "data_quality_score": 79,
    "variation_type": "original",
    "last_updated": "2025-09-18T19:36:52.054944"
  },
  {
    "id": "9107429a-945f-4e25-868e-0cbac5aef260",
    "first_name": "Prof. Judith",
    "last_name": "Lopez",
    "email": "judith.lopez@redditinc.com",
    "phone": "(555) 206-5818",
    "company": "Reddit Corp",
    "title": "Senior Consultant",
    "address": "6253 Central Ave",
    "city": "Anaheim",
    "state": "CA",
    "zip_code": "92877",
    "industry": "Technology",
    "revenue": 4048709743,
    "employees": 10026,
    "created_date": "2021-12-10T19:36:52.053814",
    "source_system": "Support",
    "data_quality_score": 91,
    "variation_type": "duplicate",
    "last_updated": "2025-09-18T19:36:52.054452"
  },
  {
    "id": "a0b1808d-ba9c-4489-be6e-78a40b58703a",
    "first_name": "Beverly",
    "last_name": "Wright",
    "email": "beverly.wright@redditinc.com",
    "phone": "(555) 509-1349",
    "company": "Reddit Inc",
    "title": "Director of Operations",
    "address": "9337 Water St",
    "city": "St. Louis",
    "state": "MO",
    "zip_code": "63153",
    "industry": "Consulting",
    "revenue": 124265537,
    "employees": 714,
    "created_date": "2020-12-11T19:36:52.054158",
    "source_system": "Website",
    "data_quality_score": 60,
    "variation_type": "original",
    "last_updated": "2025-09-18T19:36:52.055064"
  },
  {
    "id": "5f64b8a6-e566-40a3-8241-d92016475976",
    "first_name": "Ryan",
    "last_name": "Moore",
    "email": "ryan.moore@amazoncom.com",
    "phone": "(555) 572-7085",
    "company": "Amazon.com",
    "title": "Senior Analyst",
    "address": "3451 State St",
    "city": "Lubbock",
    "state": "TX",
    "zip_code": "79436",
    "industry": "Manufacturing",
    "revenue": 45912450642,
    "employees": 48755,
    "created_date": "2020-12-07T19:36:52.053967",
    "source_system": "Sales",
    "data_quality_score": 63,
    "variation_type": "original",
    "last_updated": "2025-09-18T19:36:52.054690"
  },
  {
    "id": "0ca4dc13-d823-4ba2-b54c-dbd7e45b4292",
    "first_name": "Grace",
    "last_name": "Young",
    "email": "grace.young@ubertechno.com",
    "phone": "(555) 977-0838",
    "company": "Uber Technologies",
    "title": "VP Product",
    "address": "4273 Madison Avenue",
    "city": "Minneapolis",
    "state": "MN",
    "zip_code": "55495",
    "industry": "Energy",
    "revenue": 174924712205,
    "employees": 81283,
    "created_date": "2024-05-16T19:36:52.053944",
    "source_system": "Support",
    "data_quality_score": 66,
    "variation_type": "duplicate",
    "last_updated": "2025-09-18T19:36:52.054660"
  },
  {
    "id": "d14fa906-9c52-4fda-a8ec-e126fc3f13f4",
    "first_name": "Jeffrey",
    "last_name": "Carter",
    "email": "jeffrey.carter@zoomcommun.com",
    "phone": "(555) 547-9144",
    "company": "Zoom Communications",
    "title": "Sales Manager",
    "address": "1170 Washington St",
    "city": "Spokane",
    "state": "WA",
    "zip_code": "99278",
    "industry": "Manufacturing",
    "revenue": 16026477652,
    "employees": 10759,
    "created_date": "2024-10-19T19:36:52.053789",
    "source_system": "Support",
    "data_quality_score": 65,
    "variation_type": "original",
    "last_updated": "2025-09-18T19:36:52.054380"
  },
  {
    "id": "1c12ef18-37ab-4f61-bb11-68f8964e8f93",
    "first_name": "Louis",
    "last_name": "Jones",
    "email": "louis.jones@ibmcorp.com",
    "phone": "(555) 491-6201",
    "company": "IBM Corp",
    "title": "Software Engineer",
    "address": "9664 Lincoln Ave",
    "city": "Atlanta",
    "state": "GA",
    "zip_code": "30364",
    "industry": "Retail",
    "revenue": 296850703875,
    "employees": 368617,
    "created_date": "2024-06-15T19:36:52.054233",
    "source_system": "CRM",
    "data_quality_score": 80,
    "variation_type": "original",
    "last_updated": "2025-09-18T19:36:52.055233"
  },
  {
    "id": "2b79c40f-125f-4dd3-b330-026cc26b37b1",
    "first_name": "Nathan",
    "last_name": "Collins",
    "email": "nathan.collins@internatio.com",
    "phone": "(555) 768-5149",
    "company": "International Business Machines",
    "title": "CMO",
    "address": "4565 Park Ave",
    "city": "Arlington",
    "state": "TX",
    "zip_code": "76045",
    "industry": "Consulting",
    "revenue": 2188880715,
    "employees": 1831,
    "created_date": "2021-11-27T19:36:52.054007",
    "source_system": "Sales",
    "data_quality_score": 60,
    "variation_type": "original",
    "last_updated": "2025-09-18T19:36:52.054753"
  },
  {
    "id": "e2e287bf-0820-4554-b48b-b2b481f4ef98",
    "first_name": "Jackie",
    "last_name": "Anderson",
    "email": "jacqueline.anderson@githubinc.com",
    "phone": "555.102.8374",
    "company": "GitHub Inc",
    "title": "CISO",
    "address": "8822 Lincoln Ave",
    "city": "Irvine",
    "state": "CA",
    "zip_code": "92656",
    "industry": "Education",
    "revenue": 1853408227,
    "employees": 16703,
    "created_date": "2022-01-14T19:36:52.054023",
    "source_system": "Marketing",
    "data_quality_score": 65,
    "variation_type": "duplicate",
    "last_updated": "2025-09-18T19:36:52.054826"
  },
  {
    "id": "9e330c96-1c88-40af-8f4b-a8912791ad54",
    "first_name": "Anna",
    "last_name": "Hill",
    "email": "anna.hill@ubertechno.com",
    "phone": "(555) 989-7858",
    "company": "Uber Technologies",
    "title": "Director of Sales",
    "address": "9814 Market St",
    "city": "New York",
    "state": "NY",
    "zip_code": "10072",
    "industry": "Real Estate",
    "revenue": 84651970,
    "employees": 161,
    "created_date": "2023-09-06T19:36:52.053830",
    "source_system": "Website",
    "data_quality_score": 86,
    "variation_type": "original",
    "last_updated": "2025-09-18T19:36:52.054473"
  },
  {
    "id": "85595c3b-544e-45c2-94d9-bdf17c2d3d77",
    "first_name": "Sandra",
    "last_name": "Garcia",
    "email": "sandra.garcia@netflixinc.com",
    "phone": "(555) 781-7881",
    "company": "Netflix Inc",
    "title": "Product Manager",
    "address": "2533 Franklin St",
    "city": "Winston-Salem",
    "state": "NC",
    "zip_code": "27130",
    "industry": "Consulting",
    "revenue": 3483238042,
    "employees": 847,
    "created_date": "2020-10-09T19:36:52.053991",
    "source_system": "Website",
    "data_quality_score": 86,
    "variation_type": "original",
    "last_updated": "2025-09-18T19:36:52.054716"
  },
  {
    "id": "d7065489-8bba-4c2a-9971-547395e4f820",
    "first_name": "Kenneth",
    "last_name": "Cook",
    "email": "kenneth.cook@microsofti.com",
    "phone": "(555) 871-3146",
    "company": "Microsoft Inc",
    "title": "VP Marketing",
    "address": "7136 Jefferson St",
    "city": "Boston",
    "state": "MA",
    "zip_code": "02176",
    "industry": "Consulting",
    "revenue": 2077605983,
    "employees": 4020,
    "created_date": "2023-04-10T19:36:52.054150",
    "source_system": "Sales",
    "data_quality_score": 69,
    "variation_type": "original",
    "last_updated": "2025-09-18T19:36:52.055055"
  },
  {
    "id": "6939161c-aa37-408a-b3bd-440a58382b3c",
    "first_name": "Ashley",
    "last_name": "Morales",
    "email": "ashley.morales@twitterinc.com",
    "phone": "(555) 851-9121",
    "company": "Twitter Inc",
    "title": "Operations Manager",
    "address": "1525 Hill St",
    "city": "Chicago",
    "state": "IL",
    "zip_code": "60638",
    "industry": "Real Estate",
    "revenue": 1045987715,
    "employees": 712,
    "created_date": "2021-12-29T19:36:52.054173",
    "source_system": "Website",
    "data_quality_score": 76,
    "variation_type": "original",
    "last_updated": "2025-09-18T19:36:52.055080"
  },
  {
    "id": "8291dfd5-3ae1-4f5d-91cc-03983f09fe69",
    "first_name": "Deborah",
    "last_name": "Alvarez",
    "email": "deborah.alvarez@googlellc.com",
    "phone": "(555) 303-0966",
    "company": "Google LLC",
    "title": "Senior Analyst",
    "address": "673 High St",
    "city": "St. Petersburg",
    "state": "FL",
    "zip_code": "33778",
    "industry": "Retail",
    "revenue": 362622122408,
    "employees": 53475,
    "created_date": "2023-08-22T19:36:52.054141",
    "source_system": "Marketing",
    "data_quality_score": 74,
    "variation_type": "original",
    "last_updated": "2025-09-18T19:36:52.055048"
  },
  {
    "id": "0398a910-ffbc-4990-9450-ccc03bb5bf25",
    "first_name": "Jeffrey",
    "last_name": "Carter",
    "email": "jeffreyc@zoomcommun.com",
    "phone": "555.547.9144",
    "company": "Zoom Communications",
    "title": "Sales Manager",
    "address": "1170 Washington St",
    "city": "Spokane",
    "state": "WA",
    "zip_code": "99278",
    "industry": "Manufacturing",
    "revenue": 16026477652,
    "employees": 10759,
    "created_date": "2024-11-02T19:36:52.053789",
    "source_system": "CRM",
    "data_quality_score": 70,
    "variation_type": "duplicate",
    "last_updated": "2025-09-18T19:36:52.054389"
  },
  {
    "id": "008e56cf-f082-44e6-bfb7-18e36065407e",
    "first_name": "Liz",
    "last_name": "Baker",
    "email": "elizabeth.baker@outlook.com",
    "phone": "(555) 132-5197",
    "company": "Oracle Corporation",
    "title": "Sales Representative",
    "address": "854 High St",
    "city": "Chula Vista",
    "state": "CA",
    "zip_code": "91938",
    "industry": "Education",
    "revenue": 2793347639,
    "employees": 16542,
    "created_date": "2021-04-16T19:36:52.054115",
    "source_system": "CRM",
    "data_quality_score": 89,
    "variation_type": "duplicate",
    "last_updated": "2025-09-18T19:36:52.055009"
  },
  {
    "id": "70e86b7e-8ec3-4f96-812c-b2ee02bde219",
    "first_name": "Anna",
    "last_name": "Hill",
    "email": "anna.hill@ubertechno.com",
    "phone": "(555) 989-7858",
    "company": "Uber Technologies",
    "title": "Director of Sales",
    "address": "9814 Market St",
    "city": "New York",
    "state": "NY",
    "zip_code": "10072",
    "industry": "Real Estate",
    "revenue": 84651970,
    "employees": 161,
    "created_date": "2023-09-17T19:36:52.053830",
    "source_system": "CRM",
    "data_quality_score": 89,
    "variation_type": "duplicate",
    "last_updated": "2025-09-18T19:36:52.054479"
  },
  {
    "id": "221c24a4-d431-49f5-85f8-92bb2a2f8a64",
    "first_name": "Zachary",
    "last_name": "Watson",
    "email": "zachary.watson@oraclecorp.com",
    "phone": "(555) 225-9379",
    "company": "Oracle Corp",
    "title": "Product Director",
    "address": "44 South St",
    "city": "Nashville",
    "state": "TN",
    "zip_code": "37267",
    "industry": "Retail",
    "revenue": 329383340966,
    "employees": 82393,
    "created_date": "2023-01-30T19:36:52.054225",
    "source_system": "Sales",
    "data_quality_score": 98,
    "variation_type": "original",
    "last_updated": "2025-09-18T19:36:52.055194"
  },
  {
    "id": "963790cf-4091-4c91-8ccc-a34c86a4e439",
    "first_name": "Judy",
    "last_name": "Lopez",
    "email": "judith.lopez@redditinc.com",
    "phone": "(555) 206-5818",
    "company": "Reddit Corp",
    "title": "Senior Consultant",
    "address": "6253 Central Ave",
    "city": "Anaheim",
    "state": "CA",
    "zip_code": "92877",
    "industry": "Technology",
    "revenue": 4048709743,
    "employees": 10026,
    "created_date": "2021-11-08T19:36:52.053814",
    "source_system": "Website",
    "data_quality_score": 91,
    "variation_type": "duplicate",
    "last_updated": "2025-09-18T19:36:52.054438"
  },
  {
    "id": "ce5c3998-0786-477c-b00f-c2cd58747577",
    "first_name": "Jack",
    "last_name": "Ward",
    "email": "jack.ward@ibmcorp.com",
    "phone": "(555) 581-3613",
    "company": "IBM Corp",
    "title": "Marketing Specialist",
    "address": "7044 Market St",
    "city": "Milwaukee",
    "state": "WI",
    "zip_code": "53269",
    "industry": "Energy",
    "revenue": 242465625060,
    "employees": 71919,
    "created_date": "2021-12-05T19:36:52.054039",
    "source_system": "Sales",
    "data_quality_score": 67,
    "variation_type": "original",
    "last_updated": "2025-09-18T19:36:52.054859"
  },
  {
    "id": "f08976bf-23bb-4cfe-97b8-f63cf3fd696c",
    "first_name": "Lauren",
    "last_name": "Wilson",
    "email": "lauren.wilson@stripecorp.com",
    "phone": "(555) 409-3109",
    "company": "Stripe Corp",
    "title": "Marketing Manager",
    "address": "4137 Sunset Blvd",
    "city": "San Antonio",
    "state": "TX",
    "zip_code": "78224",
    "industry": "Technology",
    "revenue": 7826927132,
    "employees": 30772,
    "created_date": "2023-06-21T19:36:52.054203",
    "source_system": "Marketing",
    "data_quality_score": 99,
    "variation_type": "original",
    "last_updated": "2025-09-18T19:36:52.055147"
  },
  {
    "id": "14242d65-a011-4ddf-9de7-867d02f49ee1",
    "first_name": "Patricia",
    "last_name": "Ramirez",
    "email": "patricia.ramirez@adobeinc.com",
    "phone": "(555) 540-8072",
    "company": "Adobe Inc",
    "title": "Director of Sales",
    "address": "7020 North St",
    "city": "Jersey City",
    "state": "NJ",
    "zip_code": "07356",
    "industry": "Media",
    "revenue": 8579858704,
    "employees": 2345,
    "created_date": "2022-11-10T19:36:52.053806",
    "source_system": "Website",
    "data_quality_score": 60,
    "variation_type": "original",
    "last_updated": "2025-09-18T19:36:52.054423"
  },
  {
    "id": "96545c1e-b46d-4788-adc7-412a48e81289",
    "first_name": "Judith",
    "last_name": "Lopez",
    "email": "judith.lopez@redditinc.com",
    "phone": "(555) 206-5818",
    "company": "Reddit Inc",
    "title": "Senior Consultant",
    "address": "6253 Central Ave",
    "city": "Anaheim",
    "state": "CA",
    "zip_code": "92877",
    "industry": "Technology",
    "revenue": 4048709743,
    "employees": 10026,
    "created_date": "2021-11-25T19:36:52.053814",
    "source_system": "Website",
    "data_quality_score": 89,
    "variation_type": "original",
    "last_updated": "2025-09-18T19:36:52.054431"
  },
  {
    "id": "f861a51d-6ff3-4b10-a606-0e8e966aed9e",
    "first_name": "Mr. Jeffrey",
    "last_name": "Carter",
    "email": "jeffreyc@zoomcommun.com",
    "phone": "(555) 547-9144",
    "company": "Zoom Communications",
    "title": "Sales Manager",
    "address": "1170 Washington St",
    "city": "Spokane",
    "state": "WA",
    "zip_code": "99278",
    "industry": "Manufacturing",
    "revenue": 16026477652,
    "employees": 10759,
    "created_date": "2024-10-09T19:36:52.053789",
    "source_system": "Website",
    "data_quality_score": 62,
    "variation_type": "duplicate",
    "last_updated": "2025-09-18T19:36:52.054402"
  },
  {
    "id": "6cd29561-fe8e-4fe5-972a-2eedff72c4d0",
    "first_name": "Jordan",
    "last_name": "Brooks",
    "email": "jordan.brooks@xcorp.com",
    "phone": "(555) 229-9954",
    "company": "X Corp",
    "title": "Director of Operations",
    "address": "3842 Spring St",
    "city": "Raleigh",
    "state": "NC",
    "zip_code": "27652",
    "industry": "Manufacturing",
    "revenue": 6624903431,
    "employees": 41174,
    "created_date": "2024-12-09T19:36:52.054077",
    "source_system": "CRM",
    "data_quality_score": 76,
    "variation_type": "original",
    "last_updated": "2025-09-18T19:36:52.054901"
  },
  {
    "id": "0fdba97e-dfc1-4cc1-9a9e-4519de2f94a6",
    "first_name": "Lauren",
    "last_name": "Wilson",
    "email": "lauren.wilson@stripecorp.com",
    "phone": "(555) 409-3109",
    "company": "Stripe Corp",
    "title": "Marketing Manager",
    "address": "4137 Sunset Blvd.",
    "city": "San Antonio",
    "state": "TX",
    "zip_code": "78224",
    "industry": "Technology",
    "revenue": 7826927132,
    "employees": 30772,
    "created_date": "2023-07-02T19:36:52.054203",
    "source_system": "Website",
    "data_quality_score": 79,
    "variation_type": "duplicate",
    "last_updated": "2025-09-18T19:36:52.055157"
  },
  {
    "id": "eafeba1b-09f0-4087-ac94-da38055d7960",
    "first_name": "Mason",
    "last_name": "Walker",
    "email": "mason.walker@salesforce.com",
    "phone": "(555) 993-7326",
    "company": "Salesforce Inc",
    "title": "Senior Engineer",
    "address": "2104 Sunset Blvd",
    "city": "Indianapolis",
    "state": "IN",
    "zip_code": "46280",
    "industry": "Technology",
    "revenue": 17890084075,
    "employees": 5623,
    "created_date": "2022-09-21T19:36:52.053839",
    "source_system": "Website",
    "data_quality_score": 92,
    "variation_type": "duplicate",
    "last_updated": "2025-09-18T19:36:52.054506"
  },
  {
    "id": "364dd64d-add7-476a-9592-c4a4d3d3ee7d",
    "first_name": "Julie",
    "last_name": "Nelson",
    "email": "julia.nelson@amazonwebs.com",
    "phone": "(555) 164-1849",
    "company": "AWS",
    "title": "Senior Analyst",
    "address": "9775 East St",
    "city": "Columbus",
    "state": "OH",
    "zip_code": "43054",
    "industry": "Technology",
    "revenue": 27118037599,
    "employees": 11712,
    "created_date": "2022-04-25T19:36:52.054015",
    "source_system": "Website",
    "data_quality_score": 79,
    "variation_type": "duplicate",
    "last_updated": "2025-09-18T19:36:52.054768"
  },
  {
    "id": "314e1e15-5bb2-4496-ab98-ea894f0618b4",
    "first_name": "Victoria",
    "last_name": "Cook",
    "email": "victoria.cook@teslainc.com",
    "phone": "(555) 214-9597",
    "company": "Tesla Corp",
    "title": "Senior Developer",
    "address": "1114 Franklin St",
    "city": "Madison",
    "state": "WI",
    "zip_code": "53761",
    "industry": "Real Estate",
    "revenue": 4810876362,
    "employees": 988,
    "created_date": "2020-10-02T19:36:52.053936",
    "source_system": "Sales",
    "data_quality_score": 81,
    "variation_type": "duplicate",
    "last_updated": "2025-09-18T19:36:52.054619"
  },
  {
    "id": "51c91127-a6d7-469c-bb93-69ea81bcafda",
    "first_name": "Jeremy",
    "last_name": "Campbell",
    "email": "jeremy.campbell@internatio.com",
    "phone": "(555) 176-3626",
    "company": "International Business Machines",
    "title": "Senior Analyst",
    "address": "9067 Hill St",
    "city": "San Antonio",
    "state": "TX",
    "zip_code": "78299",
    "industry": "Finance",
    "revenue": 21236703205,
    "employees": 92821,
    "created_date": "2022-02-20T19:36:52.054195",
    "source_system": "Website",
    "data_quality_score": 66,
    "variation_type": "original",
    "last_updated": "2025-09-18T19:36:52.055139"
  },
  {
    "id": "48ad6a76-5b72-49ab-9ea3-5a946d93603d",
    "first_name": "Gabriel",
    "last_name": "Cook",
    "email": "gabriel.cook@oraclecorp.com",
    "phone": "(555) 173-9653",
    "company": "Oracle Corp",
    "title": "Senior Analyst",
    "address": "5465 Cedar St",
    "city": "New York",
    "state": "NY",
    "zip_code": "10091",
    "industry": "Media",
    "revenue": 12798634754,
    "employees": 1517,
    "created_date": "2024-10-23T19:36:52.053975",
    "source_system": "Sales",
    "data_quality_score": 82,
    "variation_type": "original",
    "last_updated": "2025-09-18T19:36:52.054698"
  },
  {
    "id": "97439528-ca2a-495a-a372-ea19d112fc7b",
    "first_name": "Barbara",
    "last_name": "Richardson",
    "email": "barbara.richardson@airbnbinc.com",
    "phone": "(555) 647-2441",
    "company": "Airbnb Inc",
    "title": "Senior Consultant",
    "address": "4845 Cedar St",
    "city": "Santa Ana",
    "state": "CA",
    "zip_code": "92734",
    "industry": "Consulting",
    "revenue": 4039831207,
    "employees": 2465,
    "created_date": "2021-12-01T19:36:52.054031",
    "source_system": "Support",
    "data_quality_score": 78,
    "variation_type": "original",
    "last_updated": "2025-09-18T19:36:52.054850"
  }
]